2095 3169
888 849 1087 912 vita.

402 1062 527 1101 Natus
556 1075 641 1101 sum
677 1061 840 1102 Carolus
879 1061 1053 1116 Stumpe,
1099 1063 1349 1115 evangelicae
1389 1062 1479 1102 fidei
1522 1062 1711 1110 addictus,

268 1140 516 1179 Francofurti
543 1140 594 1179 ad
630 1140 820 1180 Viadrum
860 1155 896 1180 a.
931 1143 1040 1180 1844
1085 1155 1135 1180 m.
1164 1142 1266 1181 Nov.
1296 1141 1332 1180 d.
1350 1142 1386 1180 5.
1416 1148 1527 1194 patre
1555 1141 1708 1189 Carolo,

267 1224 392 1259 matre
416 1219 624 1258 Marianna
661 1231 683 1259 e
710 1225 826 1270 gente
857 1219 977 1259 Leue.
1035 1219 1249 1259 Elementis
1289 1219 1505 1258 litterarum
1540 1218 1710 1256 imbutus

267 1297 525 1350 Gymnasium
553 1296 631 1336 adii
645 1296 984 1345 Francofurtense,
1016 1296 1119 1349 quod
1146 1310 1217 1349 per
1234 1299 1286 1335 10
1304 1310 1425 1336 annos
1448 1297 1704 1349 fiequentavi.

265 1377 315 1415 A.
347 1377 455 1416 1864
484 1376 696 1415 tentamine
721 1382 901 1428 superato
927 1375 1166 1415 academiam
1205 1376 1301 1437 petii
1327 1376 1358 1415 J
1359 1389 1540 1416 enensem
1582 1376 1706 1428 philo-

264 1455 390 1505 logiae
419 1466 577 1506 operam
593 1446 817 1492 navaturus.
876 1453 1100 1506 Insequenti
1128 1459 1260 1493 autem
1277 1455 1449 1493 semestri
1480 1454 1705 1493 Berolinum

261 1547 324 1573 me
349 1534 496 1572 contuli
525 1540 563 1572 et
588 1533 712 1571 tribus
740 1533 986 1572 semestribus
1011 1538 1098 1584 post
1126 1533 1264 1581 Halas,
1291 1547 1370 1585 qua
1393 1534 1434 1571 in
1455 1533 1708 1572 universitate

257 1611 396 1651 itidem
423 1623 494 1664 per
520 1611 596 1649 tria
624 1611 823 1650 semestria
850 1616 1025 1650 versatus
1053 1624 1149 1649 sum.
1754 1587 1763 1593 ν

397 1689 644 1728 Institutione
691 1702 781 1728 usus
821 1702 907 1728 sum
945 1690 1118 1728 virorum
1159 1689 1214 1728 ill.
1260 1689 1292 1729 J
1293 1702 1408 1729 enae:
1458 1688 1700 1742 Nipperdey,

61 1856 88 1942 Ι.
261 1847 481 1897 delenberg,
510 1846 746 1894 Massmnn,
784 1845 1026 1893 Miillenhoff,
1065 1846 1253 1911 Geppert,
1288 1845 1455 1896 Jordan,
1498 1845 1703 1893 Steinthal,

68 1930 71 1941 ’·
259 1927 454 1978 Droysen,
483 1924 658 1976 Kiepert.
716 1921 862 1963 Halae:
893 1923 1081 1971 Sehaller,
1106 1924 1251 1976 Bergk,
1282 1923 1527 1977 Bernhardy,
1542 1924 1705 1972 Zacher,

259 2004 363 2052 Pott,
393 2003 537 2042 Lucae.

264 1767 497 1815 Schleicher,
523 1767 688 1815 Simeon,
717 1766 991 1818 Gaedechens3
1021 1768 1214 1808 Berolini:
1243 1767 1371 1816 Bokh,
1400 1768 1550 1822 Haupt,
1580 1767 1704 1808 Tren-
1763 1792 1766 1795 <

390 2081 600 2121 Praeterea
627 2080 742 2120 Halis
770 2080 982 2121 seminariis
1007 2080 1264 2133 philologieis,
1292 2094 1394 2134 quae
1408 2080 1456 2120 Gr.
1472 2081 1705 2134 Bernhardy
1772 2108 1774 2111 -

258 2166 298 2201 et
326 2159 403 2199 Th.
423 2159 556 2211 Bergk
583 2145 845 2207 moderantur,
874 2172 945 2213 per
968 2158 1044 2198 duo
1071 2159 1269 2200 semestris.
1309 2158 1453 2199 sodalis
1487 2159 1703 2199 ordinarius

60 2218 64 2280 Ῐ
146 2286 150 2289 ,
257 2239 427 2280 interfui.
485 2237 640 2277 Deinde
680 2250 752 2290 per
794 2238 871 2298 tria
912 2239 1112 2278 semestria
1154 2239 1475 2278 exercitationum
1510 2239 1703 2279 societatis

252 2317 512 2372 philologicae
540 2330 564 2355 a
593 2315 669 2359 Th.
689 2316 823 2369 Bergk
848 2323 1042 2358 rectarum
1063 2323 1216 2372 partem
1240 2317 1371 2359 habui.
1430 2317 1581 2369 Quibus
1604 2318 1698 2359 viris

253 2398 398 2451 optime
421 2395 471 2436 de
498 2407 562 2435 me
588 2396 734 2435 meritis
761 2397 908 2448 gratias
935 2409 1010 2447 ago
1033 2396 1235 2436 maximas.
