2095 3169
306 241 547 299 ww*
553 253 660 293 τίτί,
684 228 773 291 τίκ
765 239 945 292 φττᾶίντ
969 251 1172 293 νοείτωτί
1187 237 1277 279 τίω
1294 242 1455 298 1200‘20»
1467 247 1590 289 (ιττω
1612 240 1754 290 suppa

303 324 394 377 ῃῇις
405 319 501 376 '111
496 333 682 383 annum
693 318 872 369 tribuisse
898 318 1095 365 natalem
1138 317 1210 361 Eo
1229 317 1350 360 enim
1360 322 1545 368 tempore,
1578 327 1658 368 qno
1685 314 1754 357 'ri-

299 399 443 453 Δῑριιίίτμει
463 400 640 452 primum
649 398 877 445 minum
895 397 1044 443 libs-um
1082 396 1308 448 composuit,
1349 399 1523 447 poetam,
1560 406 1682 446 quem
1703 393 1754 433 ab

300 491 362 528 ,eo
377 478 721 531 suppositumeaee
749 476 905 525 dicunt,
915 474 1118 521 duodecim
1134 487 1257 515 annos
1280 479 1417 513 natum
1443 472 1560 512 fuisse
1579 478 1753 535 apparet.

303 556 408 615 Qu
426 560 569 617 autem
595 554 763 598 vidimus
790 554 985 602 Tibullus,
1010 554 1045 592 si
1069 565 1113 592 re
1137 565 1234 596 vera
1267 551 1410 590 librum
1443 551 1601 591 tertium
1636 551 1756 602 scrip-

302 636 376 685 sit.
392 635 496 676 hune
523 639 629 677 ante
643 632 786 675 librum
813 632 980 686 primum
1008 630 1268 684 composuerit
1287 642 1444 669 necesse
1470 641 1564 678 esse,
1578 627 1757 680 judicare

312 711 498 764 cogimur,
527 711 637 763 quasi
664 716 821 764 poetam
862 710 973 750 illum
1012 710 1217 762 puerulum
1260 709 1429 756 finxerit,
1476 721 1554 760 quo
1583 714 1757 759 tempore

308 792 487 841 Neaerae
510 790 672 829 maritus
700 801 782 828 esse
808 788 936 829 debet.
993 787 1033 826 A
1055 778 1138 839 ‘quo
1157 788 1382 838 gravissimo
1410 798 1540 825 errore
1557 785 1760 825 Tibullum

306 868 550 919 abhorruisse
578 866 812 908 censendum
841 879 927 909 esse,
949 867 1034 918 jam
1062 866 1338 905 Lachmannus
1379 865 1523 918 optime
1551 864 1758 913 intellexit,

307 961 395 995 cum
423 947 588 989 dixerit:
620 945 757 995 „Haec
798 945 972 984 carmina
1013 945 1081 997 qui
1121 944 1325 984 Tibullum
1363 942 1559 996 Lygdami
1604 943 1760 983 nomine

308 1026 580 1082 ‹²20111posuisse⁸
593 1030 764 1073 censent,
793 1023 861 1064 sed
885 1023 1175 1063 adulescentem
1199 1036 1272 1063 nec
1297 1022 1349 1061 ad
1371 1035 1468 1070 eam,
1513 1036 1631 1075 quam
1659 1022 1760 1062 libro

308 1105 433 1158 primo
451 1103 629 1151 ostendit,
647 1104 833 1144 virtutem
846 1103 1007 1150 enisum,
1033 1102 1124 1142 huic
1151 1108 1291 1155 poetae
1311 1102 1494 1153 injuriam
1521 1101 1651 1142 fucere
1679 1103 1761 1142 exi—
1809 1098 1815 1101 ’

310 1184 435 1231 sfimo,
464 1195 581 1235 quem
607 1188 700 1225 ante
727 1195 872 1225 annum
902 1184 926 1220 7
930 1183 984 1225 23
1020 1181 1250 1221 scribentem
1288 1182 1401 1219 nimis
1436 1182 1568 1232 inepto
1603 1182 1763 1221 consilio

311 1263 492 1311 maritum
519 1262 699 1303 Neaerae
724 1266 860 1301 natum
887 1249 1044 1300 finxisse
1071 1260 1195 1300 velint
1211 1259 1306 1299 belli
1332 1259 1560 1299 Mutinensis
1576 1265 1761 1313 tempore,

311 1340 385 1383 hoc
414 1345 470 1380 est
497 1339 558 1378 ad
583 1353 775 1379 summum
801 1338 1079 1379 andecanem&
1112 1361 1168 1367 --—
1225 1338 1281 1377 At
1314 1339 1470 1377 omnino
1491 1353 1637 1378 vanum
1661 1322 1763 1378 mihi

314 1419 470 1465 videtur
498 1418 667 1467 studium
695 1432 838 1465 eorum,
867 1418 934 1470 qui
968 1431 1112 1468 magna
1156 1418 1435 1456 sententiarum
1473 1424 1512 1457 et
1554 1418 1765 1457 dictionum

283 1505 285 1512 ’
314 1498 563 1547 similitudine
590 1500 685 1538 moti
712 1498 855 1538 librum
881 1497 947 1536 111
975 1496 1135 1536 Tibullo
1175 1496 1424 1536 tribuendum
1469 1510 1551 1537 esse
1596 1505 1765 1540 censent.

316 1578 391 1627 Ea.
408 1579 511 1619 enim
539 1590 583 1621 re
611 1577 795 1628 cogimur,
819 1582 863 1615 ut
905 1582 974 1615 aut
1016 1575 1369 1626 duodevigesimum
1411 1576 1570 1627 quintae
1618 1577 1766 1627 elegiae

315 1669 471 1699 versum
499 1656 790 1706 exstinguamus
818 1661 858 1694 et
886 1654 1045 1694 Tibullo
1070 1667 1193 1705 genus
1222 1667 1378 1705 poeseos
1407 1655 1563 1704 ingenio
1586 1656 1671 1706 ejus
1708 1657 1766 1694 in·

316 1734 479 1786 dignum
508 1735 760 1785 assignemus,
788 1739 859 1773 aut
880 1746 954 1782 res,
982 1746 1085 1785 quae
1113 1732 1217 1772 credi
1246 1746 1325 1771 non
1352 1739 1525 1784 possunt,
1554 1747 1668 1774 veras
1685 1747 1767 1774 esse

313 1812 543 1864 judicemus.
602 1812 693 1862 Qua
728 1811 1035 1851 consideratione
1063 1811 1167 1849 ducti
1194 1812 1260 1849 alii
1295 1812 1369 1850 viri
1398 1811 1501 1850 docti
1529 1826 1685 1852 versum
1718 1814 1764 1852 il—

317 1892 421 1932 lum:
452 1905 566 1941 „cum
590 1891 731 1941 cecidit
753 1891 835 1931 fato
862 1890 999 1930 consul
1028 1896 1191 1942 uterque
1216 1890 1326 1942 pari“
1355 1896 1578 1943 corruptum
1606 1904 1764 1932 censen-

318 1976 377 2016 tes
404 1976 556 2010 mutare
582 1955 825 2015 studuerunt.
884 1969 1061 2018 Quorum
1087 1969 1233 2021 primus
1260 1968 1514 2020 Ayrmannus
1545 1970 1767 2020 verborum,

321 2062 425 2102 quae
450 2049 570 2097 vulgo
593 2049 789 2099 leguntur,
811 2048 898 2087 loco
926 2047 1172 2087 scribendum
1200 2060 1281 2087 esse
1309 2048 1483 2099 putavitt
1514 2061 1629 2096 „cum
1658 2051 1769 2089 ceoeit

320 2126 406 2177 fam,
431 2126 565 2174 consul
591 2132 756 2179 uterque
778 2126 903 2179 pari.“
985 2126 1129 2165 Totum
1158 2131 1288 2165 autem
1309 2139 1389 2165 rem
1418 2132 1593 2179 spectare
1612 2127 1766 2179 Judica-

322 2206 380 2247 vit
393 2205 445 2246 ad
468 2218 614 2250 annum
641 2219 681 2248 u.
693 2218 726 2247 c.
743 2205 837 2254 705,
859 2189 945 2257 v(Viuo
964 2204 1150 2244 Claudius
1167 2205 1376 2244 Marcellus
1397 2211 1436 2244 et
1448 2204 1653 2245 Cornelius
1664 2207 1769 2247 Len-

323 2283 429 2329 tulus
458 2297 527 2333 css.
557 2284 897 2337 appropinquante
922 2282 1090 2324 Caesare
1117 2297 1167 2323 ex
1195 2283 1290 2323 urbe
1317 2289 1356 2323 et
1378 2284 1495 2323 Italia
1529 2298 1619 2324 cum
1653 2286 1769 2326 Pom-

324 2363 414 2415 psjo
444 2368 654 2410 cesserunt.
711 2362 799 2411 Qua
828 2362 870 2400 in
893 2361 938 2401 re
962 2362 1087 2401 solum
1115 2362 1309 2401 Bauerum
1351 2368 1487 2401 nactus
1518 2369 1575 2402 est
1610 2377 1770 2404 consen-

326 2420 501 2489 tientem,
529 2454 618 2481 cum
641 2441 782 2493 reliqui
809 2441 884 2480 viri
912 2440 1017 2480 docti
1045 2441 1155 2481 velut
1182 2441 1339 2479 Vossius
1367 2447 1406 2480 et
1432 2441 1613 2494 Heynius
1653 2444 1772 2482 alium

325 2519 499 2573 amplexi
519 2519 779 2568 „sententia-,m
824 2518 935 2558 hanc.
971 2524 1197 2572 spernerent
1241 2524 1309 2558 aut
1337 2518 1519 2572 *refiitare
1560 2520 1770 2562 studerent.

327 2598 501 2649 Quorum
514 2598 696 2651 Heynius
712 2605 819 2639 recte
845 2599 997 2637 monuit
1025 2598 1236 2646 ‚‚cedendi“
1264 2599 1497 2638 vocabulum
1524 2601 1580 2640 ita
1597 2602 1773 2643 absolute

326 2676 473 2728 dictum
499 2678 712 2723 orationem
734 2677 937 2717 obscuram
957 2676 1119 2717 reddere
1147 2682 1186 2716 et
1202 2677 1391 2729 languere
1417 2678 1487 2717 illa
1515 2679 1625 2728 „fato
1638 2681 1773 2734 ·pari.“

326 2755 468 2808 Neque
495 2757 623 2800 minus
648 2755 947 2809 improbandum
977 2761 1046 2805 est,
1075 2768 1155 2808 qua
1180 2756 1329 2796 ratione
1344 2755 1522 2797 Obekius
1542 2771 1698 2800 versum
1722 2761 1774 2801 ab
