2095 3169
923 158 983 173 ἰ-
1033 141 1076 185 9*
1120 162 1179 173 -ι-

297 244 519 310 :inquam
544 248 858 307 iuuemti‘pomit
873 255 1133 308 eumplm,
1146 267 1226 308 qno
1254 260 1370 320 poeta
1395 253 1591 294 vocabulo
1617 253 1768 303 ‚sbi-³⁴⁴

323 327 489 371 efflent
512 326 709 373 notionum
738 321 967 385 subiecisse
979 333 1275 382 demonstratum
1303 346 1423 386 quam
1447 332 1490 371 in
1517 332 1618 372 libro
1653 333 1770 373 tertio

295 409 364 456 ,43
372 410 460 457 283*
502 418 592 463 quo
616 411 702 450 loco
726 411 841 452 idem
879 418 1050 464 ⁸etque,
1053 416 1231 459 ,tunc“
1243 432 1245 436 ·
1276 411 1377 450 illud
1415 411 1551 451 valere
1589 396 1767 464 apparet.

322 485 464 526 Similis
485 493 623 528 autem
646 485 755 529 usus
764 490 987 531 invenitur·
1041 488 1471 542 Verg.Aen-.H,199.

456 566 495 607 b.
551 567 609 608 de
633 569 883 622 periodis
925 568 1079 610 Deinde
1120 569 1222 610 liber
1264 569 1402 609 tertius
1430 580 1518 608 cnm
1558 568 1768 621 reliquisa

322 645 482 685 Tibullo
512 649 729 701 compositis
759 661 806 688 ea
833 649 1071 701 potissimum
1098 662 1142 688 re
1170 649 1308 696 differt,
1338 648 1443 701 quod
1470 649 1512 686 in
1547 648 1617 700 illo
1642 648 1765 687 multo

319 723 513 775 longiores
540 726 690 778 periodi
715 723 978 768 inveniuntur.
1034 728 1176 780 Neque
1204 729 1307 768 enim
1335 728 1418 767 fieri
1457 727 1590 780 possit,
1616 733 1664 766 ut
1695 733 1765 766 aut

318 802 360 841 in
385 803 484 843 libro
512 806 637 857 primo
663 812 730 846 aut
762 808 804 846 in
833 806 1001 846 secundo
1023 812 1062 846 et
1104 812 1243 859 quarto
1284 812 1363 845 tam
1406 806 1545 857 longas
1584 805 1763 859 periodos

318 881 683 933 animadvertamus,
733 885 868 937 quales
897 885 957 924 his
984 885 1073 923 libri
1088 884 1153 923 ΠΙ
1180 884 1274 923 locis
1298 882 1570 924 inveffiuntur:
1596 885 1634 932 2,
1654 884 1763 923 15—

294 950 453 1007 ‘22.=·3‚
472 963 620 1001 12—110.
652 957 883 1010 4‚51-·60.
911 965 951 1010 4,
965 964 1147 1002 85—-94,
1178 963 1217 1009 5,
1233 963 1383 1002 7-16,

442 1039 490 1078 4.
549 1038 609 1083 (le
647 1039 753 1084 arte
788 1039 1006 1084 metrica.
1063 1041 1126 1081 De
1162 1047 1246 1081 arte
1288 1040 1452 1081 metrica
1486 1040 1763 1081 Lachmannus

317 1117 358 1154 in
374 1117 624 1158 adnotatione
638 1120 704 1160 lib.
718 1120 795 1168 III,
813 1122 834 1158 1
853 1120 1088 1172 subscripta:
1120 1119 1383 1172 „Lygdamus,
1399 1121 1466 1167 ait,
1497 1121 1581 1172 ipso
1596 1121 1757 1160 Tibullo

315 1197 467 1245 castior,
496 1198 740 1238 hexametros
754 1199 881 1237 nullos
905 1205 991 1251 post
1016 1205 1198 1251 quartum
1212 1199 1436 1238 trochaeum
1454 1199 1594 1237 incisos
1617 1199 1757 1251 posuit.

315 1274 498 1315 Tibullus
524 1278 626 1316 enim
654 1290 744 1316 cum
771 1278 904 1330 primis
934 1278 1044 1316 annis
1068 1278 1133 1317 vel
1160 1277 1334 1316 Lucretii
1363 1283 1402 1316 et
1429 1276 1595 1328 Vergilii
1623 1291 1759 1316 curam

314 1356 499 1408 superans
516 1369 563 1395 ea
589 1356 775 1396 incisione
795 1357 851 1396 ita
878 1356 1145 1395 tantummodo
1173 1369 1263 1395 usus
1288 1362 1397 1403 esset,
1412 1356 1444 1394 si
1461 1356 1503 1394 in
1529 1356 1667 1408 quinta
1693 1356 1758 1395 de-

313 1423 414 1472 cima
440 1446 574 1474 versus
602 1449 711 1474 mora
737 1436 972 1474 vocabulum
1009 1434 1321 1487 monosyllabum
1358 1435 1596 1483 collocasset,
1625 1442 1762 1492 postea.

312 1512 386 1552 hac
416 1513 641 1566 exceptione
668 1518 809 1566 spreta,
839 1513 889 1552 ad
918 1526 1035 1566 quam
1062 1512 1215 1552 nonnisi
1243 1512 1302 1551 bis
1329 1513 1504 1560 recurrit,
1541 1518 1757 1553 ceterorum

314 1592 493 1644 exemplo
518 1592 695 1644 paullum
722 1593 906 1632 remisit“.
964 1591 1086 1643 Cujus
1098 1592 1311 1631 sententiae
1324 1591 1648 1632 demonstrandae
1662 1593 1760 1632 haec

313 1671 494 1723 exempla
519 1685 544 1710 a
570 1671 824 1710 Lachmanno
854 1671 1088 1711 afferuntur:
1117 1670 1150 1718 I,
1179 1671 1217 1718 2,
1236 1670 1301 1709 23.
1333 1671 1370 1718 1,
1389 1671 1452 1708 71.
1481 1669 1520 1718 2,
1535 1669 1600 1709 75.
1630 1671 1670 1719 4,
1689 1672 1758 1712 61.

314 1751 353 1799 6,
369 1751 435 1793 27.
465 1752 503 1799 9,
521 1751 587 1790 39.
619 1750 691 1798 IV,
720 1751 758 1798 2,
778 1752 840 1790 17.
898 1749 955 1788 At
983 1750 1258 1803 unusquisque,
1284 1749 1352 1801 qui
1379 1749 1611 1789 versnsillos
1639 1762 1757 1789 accu-

308 1815 430 1868 ratius
456 1829 692 1877 lustraverit,
721 1842 803 1868 rem
832 1830 987 1868 omnino
1017 1829 1133 1868 aliter
1160 1841 1201 1868 se
1228 1828 1371 1867 habere
1386 1828 1598 1878 intelleget.
1655 1828 1752 1868 Cae-

308 1920 399 1947 sura
427 1907 542 1955 enim,
588 1920 676 1946 eum
718 1920 881 1961 pausam
918 1908 1090 1960 aliquam
1118 1906 1272 1955 efficiat,
1315 1919 1360 1946 eo
1400 1907 1639 1960 potissimum
1666 1907 1767 1951 loco,

308 1984 419 2024 nobis
454 1985 722 2036 cognoscenda
767 1986 850 2032 erit,
895 1998 972 2038 quo
1018 1986 1226 2024 sententias
1270 1984 1411 2023 divisas
1454 1996 1536 2024 esse
1573 1991 1749 2038 apparet.

306 2063 448 2116 Itaque
475 2064 517 2102 in
544 2063 713 2103 secundo
740 2064 808 2103 illo
833 2076 949 2103 versu
975 2054 1199 2103 incisionem
1221 2063 1376 2102 minime
1403 2068 1490 2115 post
1514 2063 1752 2103 vocabulum

309 2143 499 2197 ,31ieque“,
529 2142 634 2196 quod
658 2143 744 2182 vult
766 2143 1055 2191 Lachmannus,
1083 2141 1149 2182 sed
1175 2148 1262 2195 post
1299 2142 1485 2190 „aetatis“
1521 2155 1658 2183 vocem
1694 2144 1751 2183 lo-

308 2235 396 2262 cum
424 2221 570 2262 habere
596 2229 741 2276 putem,
776 2223 833 2261 ita.
870 2228 914 2261 ut
957 2222 1290 2275 hepthemimereS,
1328 2234 1446 2274 quam
1471 2228 1626 2271 vocant,
1650 2224 1750 2262 oria-

306 2308 381 2343 tur.
440 2302 570 2351 Quam
598 2314 797 2341 caesuram
824 2301 865 2339 in
893 2313 1010 2340 versu
1036 2313 1192 2352 quoque
1219 2300 1332 2339 tertio
1359 2306 1398 2339 et
1411 2300 1547 2351 quinto
1577 2306 1616 2340 et
1639 2308 1751 2340 sexto

306 2376 532 2432 usurpatam
560 2387 645 2419 esse
670 2391 862 2419 censeam.
885 2409 889 2411 .
920 2379 969 2416 Ιιι
1004 2379 1128 2430 primo
1155 2377 1324 2429 denique
1364 2383 1403 2416 et
1444 2378 1486 2416 in
1523 2385 1665 2430 quarto
1711 2386 1751 2419 et

305 2454 467 2512 septimo
493 2457 826 2511 penthemimeres,
855 2467 958 2509 quae
992 2462 1167 2504 vocatur,
1209 2455 1474 2507 cognoscenda
1514 2456 1574 2497 sit.
1629 2457 1753 2498 Recte

307 2534 438 2576 sutem
465 2536 540 2575 viri
568 2535 669 2575 docti
699 2536 789 2575 libri
803 2535 870 2574 111
899 2535 1042 2587 elegias
1064 2548 1152 2574 cum
1176 2535 1231 2580 iis,
1261 2547 1363 2586 quae
1378 2534 1478 2574 libro
1493 2535 1515 2573 Ι
1538 2541 1577 2575 et
1591 2536 1641 2575 Π·
1659 2550 1751 2577 con-

303 2617 487 2664 tinentur,
516 2627 634 2670 capre
660 2614 814 2654 differre
837 2619 1082 2662 monuerunt,
1110 2612 1214 2665 quod
1241 2613 1283 2651 in
1299 2612 1377 2651 illis
1401 2613 1526 2653 altera
1548 2621 1753 2668 pentame-

302 2694 352 2734 tri
367 2692 528 2734 ‘'vei-sus
541 2696 631 2748 pars
659 2694 879 2748 saepissime
905 2705 928 2733 e
965 2691 1143 2747 spondeis
1183 2696 1342 2732 constet.
1399 2692 1542 2747 Itaque
1581 2707 1672 2734 cum
1707 2697 1749 2736 in

301 2772 401 2817 libro
429 2774 553 2830 primo
579 2773 682 2814 inter
708 2773 792 2813 405
820 2785 955 2811 versus
992 2776 1252 2825 pentametros
1279 2777 1431 2811 tantum
1461 2773 1514 2813 52
1545 2773 1747 2815 invenian-
