2095 3169
271 263 566 319 fflfflto'²juveni
595 267 714 316 parce
740 256 892 310 nocere,
919 257 1016 301 deal
1061 261 1099 307 4,
1115 255 1168 298 7'3
1196 258 1333 308 nescis,
1375 256 1443 311 qui
1471 255 1572 317 “sit
1595 262 1716 304 amor,

267 335 436 403 jfivbffis,
472 342 535 384 ‘vir
566 342 654 395 plus
683 340 967 393 quinquaginta
1003 348 1193 402 annorum
1222 344 1289 377 aut
1318 346 1359 377 se
1382 338 1509 390 ipsum
1536 348 1624 374 cum
1649 344 1716 387 po—

228 462 230 464 ,
270 426 344 466 mis
379 421 493 463 modo
527 421 628 460 natis
667 429 892 472 comparare
928 423 997 457 aut
1027 418 1214 470 juvenem
1250 426 1291 457 se
1311 415 1511 470 appellare
1550 415 1719 468 potuisse

272 503 377 544 medi
392 501 538 554 nequit.
597 499 804 552 Atquehis
831 496 986 550 quidem
1016 510 1066 536 ex
1080 497 1174 536 locis
1201 497 1291 536 libri
1317 495 1421 535 tertii
1446 501 1643 533 auctorem
1660 500 1716 533 at-

272 582 350 634 que
372 578 621 631 Lygdamum
663 588 743 615 non
775 575 946 615 eundem
979 575 1106 613 virum
1138 574 1257 613 fuisse
1282 572 1451 612 dilucide
1479 573 1588 626 sequi
1623 573 1718 611 mihi

272 656 437 700 videtur.
470 704 473 705 ⁷
509 656 604 696 Jam
627 665 721 695 vero
752 655 784 694 si
810 660 915 694 recte
939 667 979 693 se
1005 654 1151 693 habent
1190 663 1332 692 nomen
1366 651 1614 704 Lygdamum
1652 664 1719 690 au-

273 737 369 776 ctori
397 747 476 775 non
498 733 627 783 fuisse,
658 739 726 773 aut
754 732 956 773 adversam
983 732 1182 771 hominum
1213 731 1285 771 sibi
1314 737 1493 770 notorum
1521 730 1717 770 fortunam

273 816 434 868 pingere
470 814 638 852 voluisse
673 817 742 851 aut
769 813 898 851 omnia
935 812 1167 862 cogitatione
1200 810 1413 859 effinxisse„
1427 809 1623 862 putandus
1651 816 1720 853 est,

274 892 351 933 Sed
380 882 468 930 cum
495 890 697 931 mediocris
725 896 824 930 esset
846 895 974 943 poeta,
1003 889 1261 928 conditionem
1289 889 1409 936 illam,
1439 899 1557 941 quam
1586 888 1719 927 adum-

273 969 462 1011 brundam
491 958 564 1009 sibi
587 968 799 1021 proposuit,
848 981 927 1006 non
954 967 1010 1006 ita
1045 966 1262 1007 describere
1293 966 1429 1015 valuit,
1468 972 1512 1004 ut
1548 966 1721 1017 legentes

273 1056 461 1102 perpetua
497 1054 535 1087 et
574 1060 757 1100 expressa
791 1047 960 1098 imagine
986 1046 1206 1086 delectaret.
1264 1045 1405 1098 Itaque
1439 1046 1607 1099 primum
1636 1046 1720 1098 qui-

275 1126 364 1167 dem
390 1127 432 1165 in
459 1138 504 1166 eo
542 1132 704 1179 peccat,·
734 1125 838 1178 quod
874 1126 915 1164 in
942 1125 1068 1176 elegia
1095 1125 1231 1177 quinta
1258 1125 1454 1165 Neaeram
1487 1124 1596 1164 nullo
1635 1125 1719 1163 loco

274 1211 557 1246 commemorat.
617 1204 733 1255 Quod
761 1210 865 1244 certe
892 1204 976 1244 fieri
1003 1203 1181 1252 debebat,
1209 1204 1239 1243 si
1264 1203 1536 1257 perpendimus
1563 1204 1721 1257 Lygda-

273 1295 391 1332 mum,
419 1297 506 1322 cum
534 1289 669 1323 auctor
696 1284 798 1322 hanc
828 1283 992 1334 elegiam
1020 1295 1108 1322 eum
1137 1289 1431 1335 componentem
1457 1282 1603 1331 fecerit,
1639 1296 1719 1321 om—

274 1362 387 1402 nibus
413 1362 528 1401 malis
555 1361 673 1402 fuisse
702 1361 941 1401 cumulatum
963 1373 1119 1426 necesse
1146 1373 1238 1400 esse.
1299 1360 1434 1400 Uxore
1462 1361 1564 1400 enim
1588 1366 1722 1414 erepta

275 1442 391 1480 etiam
432 1441 568 1480 morbo
605 1441 833 1494 opprimitur
868 1441 991 1491 gravi,
1038 1441 1093 1479 ita
1131 1446 1175 1478 ut
1213 1439 1262 1478 de
1299 1440 1463 1478 sanitate
1499 1439 1721 1491 recipienda
1756 1429 1764 1436 ’

274 1518 392 1571 plane
421 1517 608 1572 desperet.
675 1518 832 1572 Optimo
855 1516 972 1570 igitur
998 1519 1089 1570 Jure
1114 1524 1393 1571 exspectamus,
1434 1519 1466 1557 si
1494 1517 1722 1571 Lygdamus

274 1597 469 1637 Neaeram
496 1611 538 1637 re
567 1611 661 1637 vera
681 1598 871 1637 amavisse
893 1604 931 1637 et
959 1608 1122 1637 uxorem
1143 1604 1315 1651 ereptam
1340 1598 1474 1636 intimo
1489 1610 1562 1637 =ex
1591 1600 1720 1638 animo

275 1687 507 1730 recuperare
537 1676 725 1716 studuisse
748 1676 944 1729 putandus
974 1682 1042 1726 est,
1067 1678 1111 1715 tit
1134 1677 1207 1715 hoc
1235 1677 1331 1724 loco,
1375 1689 1452 1729 quo
1481 1679 1607 1730 aptior
1636 1685 1719 1718 erat

274 1755 417 1803 nuilus,
446 1755 548 1793 illius
572 1755 806 1794 mentionem
832 1755 960 1793 faciat.
1018 1738 1086 1793 Et*
1100 1757 1186 1807 quis
1211 1761 1278 1802 est,
1306 1757 1401 1807 quin
1414 1757 1585 1804 miretur,
1614 1755 1719 1809 quod

274 1831 377 1872 idem
403 1832 640 1884 Lygdamus,
678 1833 745 1885 qui
775 1845 862 1872 cum
901 1838 1095 1872 mortuum
1130 1846 1171 1872 se
1200 1833 1334 1884 fingat,
1388 1835 1428 1872 in
1456 1833 1583 1886 elegia
1604 1836 1719 1875 tertia

272 1921 344 1964 per
369 1910 536 1951 sedecim
563 1922 696 1952 versus
724 1911 787 1951 de*
800 1912 979 1952 Neaerae
1006 1913 1216 1964 matrisque
1230 1924 1404 1952 moerore
1431 1912 1614 1965 loquitur,
1644 1912 1718 1953 hac

273 1989 314 2028 in
342 1988 477 2041 elegia,
521 1990 562 2029 in
593 1970 688 2043 *qua
728 1990 1003 2043 Persephonen
1040 1991 1191 2042 nigram
1218 1990 1352 2030 horam
1379 1991 1451 2030 sibi
1490 1990 1720 2034 denuntiare

276 2069 461 2121 queritur,
485 2078 677 2121 nusquam
704 2068 855 2109 dolores
880 2070 1029 2122 pingat,
1059 2068 1197 2122 quibus
1223 2070 1426 2119 crucietur,
1453 2060 1557 2123 quod
1594 2069 1721 2112 Neae-

275 2157 343 2186 rae
371 2159 466 2186 cura
495 2154 637 2196 careat,
663 2159 855 2200 nusquam
878 2148 1033 2187 illarum
1059 2149 1252 2187 tristitiam
1280 2156 1562 2191 commemoret.
1640 2149 1718 2191 Ne-

275 2232 352 2276 que
379 2225 507 2263 minus
532 2225 670 2264 vitium
690 2225 946 2277 judicandum
975 2231 1043 2274 est,
1088 2225 1190 2279 quod
1221 2233 1356 2266 auctor
1386 2228 1548 2280 elegiam
1570 2235 1721 2270 sextam

275 2303 332 2342 ita
355 2305 579 2356 composuit,
618 2310 662 2342 ut
687 2310 725 2343 et
756 2304 983 2356 Lygdamus
1015 2312 1053 2344 et
1081 2306 1236 2345 Neaera
1273 2308 1428 2346 omuino
1470 2307 1611 2347 diversi
1639 2318 1722 2348 esse

282 2381 492 2422 videantur
513 2382 569 2429 iis,
596 2382 663 2434 qui
691 2382 732 2421 in
760 2382 891 2434 elegiis
921 2382 1236 2423 antecedentibus
1260 2385 1485 2437 pinguntur.
1554 2383 1726 2428 Maxime

276 2457 380 2498 enim
404 2459 622 2507 mirandum
651 2465 720 2507 est,
763 2459 867 2512 quod
901 2461 942 2499 in
964 2461 1089 2511 elegia
1125 2467 1235 2500 sexta
1269 2464 1469 2502 summissa
1492 2463 1562 2502 illa
1599 2470 1637 2503 et
1664 2463 1719 2504 la-

275 2539 492 2577 mentantia
517 2538 651 2586 verba,
681 2538 821 2589 quibus
850 2544 1001 2578 ceterae
1029 2539 1241 2587 abundant,
1265 2539 1540 2581 desiderantur.
1616 2542 1721 2591 Quo-

274 2628 361 2654 rum
396 2615 482 2654 loco
520 2615 707 2655 effrenata
748 2615 940 2669 quaedam
985 2616 1152 2666 licentia,
1198 2632 1222 2657 a
1257 2632 1336 2671 qua
1381 2618 1608 2672 Lygdamus
1628 2621 1723 2662 alibi

275 2676 424 2733 alienus
453 2693 693 2742 describitur,
722 2694 833 2733 nobis
857 2696 1035 2736 occurrit.
1093 2696 1233 2748 Itaque
1259 2697 1351 2747 jure
1379 2699 1575 2757 miramur,
1618 2700 1724 2752 quod

276 2769 392 2821 idem,
435 2785 554 2826 quam
582 2772 623 2811 in
646 2772 805 2827 reliquis
834 2773 1068 2813 carminibus
1094 2775 1236 2826 omnia,
1277 2788 1379 2829 quae
1407 2776 1456 2817 ad
1480 2779 1723 2833 voluptatem
