2095 3169
1016 116 1076 129 ...
1118 91 1189 151 534
1242 83 1321 130 ...ᾀ-

434 215 626 264 spectant,
652 222 815 272 summa
824 210 1017 255 castitate
1027 210 1336 263 praetermittere
1363 206 1639 273 cognovimus,
1655 212 1886 271 σφιιιμἈρ·

433 302 518 330 rem
541 280 666 339 suum
678 288 858 351 versibus
875 288 941 328 53.
956 288 1010 339 54
1027 288 1125 330 haec
1151 288 1373 348 exclamare
1385 288 1547 339 legitur-3
1580 300 1724 341 „quam
1745 286 1888 351 vellem

425 373 570 415 ,tecum
601 348 739 418 longas
776 366 1019 418 requiescere
1047 371 1182 405 noctes
1224 366 1288 406 Ει
1311 372 1440 405 tecum
1476 352 1614 416 longas
1653 365 1889 418 pergigilare

416 444 542 496 dies.
530 448 554 467 “
611 446 679 483 An
705 444 906 483 licentiam
929 444 1039 482 illam
1068 456 1296 494 excusemus
1326 456 1373 482 ea
1399 456 1455 492 re,
1482 442 1586 496 quod
1624 443 1887 497 Lygdamum,

433 524 518 575 fore
546 529 590 562 ut
617 524 813 562 Neaeram
839 528 1088 574 recuperaret
1114 522 1271 570 omnino
1294 521 1517 575 desperasse
1532 522 1744 575 putemus?
1759 546 1764 571 ι,
1771 522 1885 571 Quae

434 602 576 655 opinio,
605 614 846 653 quamquam
873 600 1048 640 versibus
1064 600 1243 640 29-——3o.
1276 600 1443 640 55-56
1459 601 1689 648 confirmari
1717 599 1885 648 videtur,

434 694 568 721 versus
595 686 728 719 tamen
748 680 928 726 59—61,
967 679 1107 731 quibus
1145 684 1302 731 poetam
1339 679 1490 718 nullam
1514 680 1631 728 aliam
1659 662 1732 718 nisi
1759 679 1886 728 Neae-

433 773 516 799 ram
546 759 764 809 significare
800 758 971 810 potuisse
1002 759 1085 808 jam
1124 771 1241 810 supra
1279 759 1674 809 commemoravimuS,
1719 756 1887 816 dilucide

438 838 703 888 demonstrare
744 849 922 876 censeam
961 836 1111 875 auctori
1147 836 1190 874 in
1229 835 1495 888 componenda
1527 835 1606 880 ,hac
1646 835 1771 886 elegia
1807 847 1887 873 non

431 901 610 965 Neaerae
637 920 681 953 ut
711 913 919 966 „conjugis
941 917 1122 966 ereptae“
1170 912 1238 953 sed
1266 919 1310 952 ut
1341 913 1546 966 ,‚puellae“
1576 913 1658 954 sive
1685 913 1882 964 „amicae“

431 994 640 1043 imaginem
667 1005 749 1031 esse
776 983 1035 1031 obversatam.

567 1053 737 1110 Omnino
779 1076 909 1109 autem
952 1070 1045 1122 quia
1090 1075 1225 1109 auctor
1267 1083 1414 1118 sensus,
1441 1099 1449 1106 .
1474 1070 1615 1122 quibus
1657 1069 1884 1122 Lygdamus

433 1154 741 1203 commoveretur
768 1160 925 1187 necesse
968 1161 1050 1186 esse
1072 1147 1288 1199 judicabat,
1332 1162 1411 1186 non
1439 1132 1621 1188 accurate
1648 1154 1687 1187 et
1714 1148 1883 1194 dilucide

434 1242 475 1268 se
503 1227 721 1267 describere
751 1240 861 1279 posse
888 1226 1094 1274 intellexit,
1122 1227 1163 1264 in
1201 1239 1288 1266 eam
1327 1206 1567 1279 potissimum
1590 1241 1674 1267 rem
1704 1226 1882 1275 intendit,

431 1314 476 1346 ut
504 1321 528 1346 a
557 1305 754 1359 pingenda
782 1288 923 1343 amoris
951 1318 1045 1343 cura
1080 1304 1130 1343 ad
1166 1305 1461 1358 descriptionem
1476 1319 1605 1345 rerum
1635 1312 1883 1353 externarum

431 1387 643 1441 confugiat,
672 1378 795 1423 veluti
824 1384 947 1423 libelli
975 1385 1091 1432 illius,
1121 1398 1237 1436 quem
1266 1385 1444 1424 Neaerae
1470 1386 1583 1432 misit,
1630 1384 1768 1430 deinde
1799 1386 1881 1435 jus-

431 1448 560 1517 torum
601 1463 673 1503 sibi
715 1461 989 1502 solvendorum
1036 1468 1073 1501 et
1114 1461 1348 1511 divitiarum,
1385 1457 1495 1515 quas
1540 1462 1696 1516 plurimi
1738 1467 1881 1511 ament,

430 1543 625 1595 Apollinis
653 1541 822 1593 denique
849 1541 1108 1580 vaticinantis.

565 1618 768 1669 Quomodo
798 1624 930 1657 autem
958 1618 1132 1657 carmina
1161 1618 1230 1657 illa
1256 1618 1407 1657 Tibulli
1436 1618 1568 1669 elegiis
1594 1618 1771 1665 immixta
1791 1620 1879 1667 sint,

429 1698 634 1753 nescimus,
676 1696 743 1736 sed
786 1696 976 1736 editorum
1020 1696 1260 1747 negligentia
1304 1696 1344 1735 id
1384 1676 1530 1736 factum
1570 1710 1653 1736 esse
1678 1698 1880 1750 *suspicari

428 1757 642 1831 possumus,
681 1777 760 1828 qui,
807 1790 896 1814 cum
924 1775 1092 1814 colorem
1121 1774 1318 1827 quendam
1346 1774 1614 1821 Tibullianum
1635 1774 1879 1821 animadver-

430 1857 576 1910 tissent,
600 1854 651 1904 ab
680 1855 763 1907 ipso
792 1854 866 1892 hoc
893 1859 1010 1906 poeta
1039 1866 1086 1892 ea
1111 1853 1330 1906 conscripta
1357 1866 1439 1896 esse
1466 1860 1661 1906 putarent.
1737 1855 1879 1908 Opinio

429 1935 544 1987 enim⁴
561 1946 706 1986 eorum,
748 1933 815 1984 qui
846 1932 1094 1982 conjecerunt
1121 1937 1245 1969 totum
1278 1944 1429 1983 corpus,
1472 1932 1576 1983 quod
1604 1932 1767 1972 traditos
1794 1934 1880 1972 illos

429 2017 598 2068 quatuor
629 2010 748 2049 libros
774 2009 975 2058 continuit,
1022 2009 1063 2048 in
1090 2008 1203 2047 domo
1231 1990 1438 2049 Messallae
1465 2023 1547 2050 esse
1574 2011 1790 2059 inventum,
1834 2024 1882 2051 ea

428 2103 471 2129 re
498 2089 703 2136 refellitur,
728 2087 833 2141 quod
861 2087 1109 2139 Lygdamum
1137 2100 1186 2126 ex
1216 2093 1355 2139 quarto
1377 2088 1543 2135 tristium
1565 2089 1664 2128 libro
1694 2096 1876 2142 quatuor-

429 2168 556 2225 decim
585 2167 667 2209 fere
692 2168 804 2206 annis
830 2172 1035 2219 postquam
1063 2166 1247 2204 Messalla
1275 2166 1390 2218 periit
1425 2167 1647 2219 composito,
1690 2168 1880 2223 nonnulla

426 2247 652 2300 repetivisse
678 2250 852 2298 apparet.
912 2244 1002 2293 Qua
1030 2243 1080 2283 de
1110 2257 1228 2283 causa
1257 2257 1345 2282 cum
1373 2244 1517 2295 elegias
1545 2244 1634 2289 libri
1650 2246 1756 2286 tertii
1775 2252 1879 2286 certe

425 2326 561 2379 paullo
601 2330 689 2377 post
717 2338 835 2376 quam
880 2336 983 2362 anno
1015 2324 1095 2362 764
1135 2323 1371 2375 conscriptas
1412 2336 1493 2362 esse
1518 2330 1694 2375 oportere
1717 2325 1877 2378 liqueat,

425 2404 535 2443 nullo
563 2402 679 2442 modo
708 2402 808 2453 inter
837 2415 895 2450 ea,
937 2414 1039 2453 quae
1065 2415 1089 2439 a
1117 2400 1302 2440 Messalla
1329 2407 1481 2440 mortuo
1511 2402 1646 2442 relicta
1673 2409 1778 2451 sunt,
1819 2403 1877 2443 in·

425 2483 551 2522 veniri
580 2481 749 2533 potuisse
779 2493 969 2519 censeam.
