2095 3169
863 132 1155 178 ..fl-21...

284 244 398 303 114)
411 247 582 288 nimiam
616 247 791 289 laudem⁴
805 246 989 297 tribuit,
998 248 1085 288 -alio
1119 226 1222 288 loeo
1235 244 1474 301 (pag-138)
1518 244 1732 286 concedere

283 327 469 379 cogitur.
497 328 620 375 „Sludr
641 329 796 372 tandm
811 333 886 367 bem
922 327 1018 368 onis
1058 327 1096 366 in
1135 327 1287 375 §vitem
1318 326 1455 374 δοῦναι
1497 329 1577 365 bas
1589 324 1732 370 &vicht

281 403 368 457 (lm
381 406 430 460 3)
463 406 508 445 in
547 407 653 446 videt
692 406 852 453 fflndftdn
880 419 959 455 ³¹1
957 406 1108 453 ἱώιυαώ
1145 415 1216 445 uno
1246 405 1448 451 nomilia>
1476 416 1518 454 ³⁸
1555 403 1730 454 «mangis

284 492 354 524 »οιι
386 483 508 524 ffzibuu
535 482 758 531 “ididam-⁰
843 484 922 523 Sed
954 483 1059 536 quod
1097 484 1296 536 Grnppius
1335 482 1501 535 conjecit
1535 481 1730 521 Neaeram

285 561 460 601 alteram·
473 561 610 602 Ovidii·
640 572 804 601 uxorem
840 543 973 610 fuisse,
1000 575 1048 601 ea
1074 575 1118 602 re
1145 562 1272 602 refelli
1296 562 1391 600 mihi
1410 559 1583 607 videtur,
1623 559 1730 612 quod

282 640 573 694 poetafrigo're
601 637 771 693 quodam
797 640 902 679 illius
928 641 1060 679 uxoris
1088 641 1322 680 mentionem
1348 640 1453 689 facit,
1484 653 1574 679 cum
1603 639 1728 678 dicat:

283 720 341 758 illi
365 721 565 765 successit,
586 720 765 772 quamvis
787 720 869 758 sine
898 720 1058 758 erimine
1086 721 1271 771 conjunx,
1299 720 1391 757 Non
1417 725 1548 758 tamen
1573 720 1615 758 in
1643 733 1730 758 nos-

283 803 343 836 tro
371 798 484 836 firma
511 798 644 836 futura
687 803 784 837 toro.
858 775 1010 846 Quibus
1035 797 1134 836 solis
1151 797 1292 845 verbis,
1335 810 1437 849 quae
1471 798 1643 836 animum
1676 796 1728 836 ab

281 889 404 915 uxore
441 876 704 915 abalienatum
744 875 911 915 dilucide
949 876 1236 923 demonstrant,
1281 875 1466 914 Ovidium
1504 889 1583 913 non
1617 888 1729 913 usum

285 954 411 993 fuisse·
430 966 619 1001 censeam,
664 955 696 992 si
723 954 888 993 alteram
916 953 1026 992 illam
1066 954 1272 1005 conjugem
1308 966 1351 993 re
1378 966 1474 993 vera
1500 958 1667 992 amasset
1689 958 1729 992 et

283 1039 324 1071 ut
362 1032 590 1084 Lygdamus
625 1034 775 1083 ingenti
809 1033 941 1072 dolore
974 1026 1138 1071 vexatus
1176 1039 1349 1084 ereptam
1386 1045 1618 1087 recuperare
1650 1038 1729 1069 stu-

282 1105 437 1151 duisset.
515 1110 682 1163 Gruppii
723 1117 853 1150 autem
896 1112 1115 1163 opinionem
1154 1111 1308 1149 omnino
1356 1109 1605 1162 rejiciendam
1647 1123 1729 1149 esse

283 1195 481 1243 appareat,
527 1190 557 1228 si
595 1195 699 1228 recte
731 1202 771 1228 se
804 1189 958 1237 habeat,
1007 1189 1111 1241 quod
1149 1189 1379 1228 Leutschius
1427 1187 1661 1241 (Encyclop.
1689 1202 1727 1228 v.

282 1269 407 1306 Erech
438 1282 475 1305 u.
504 1268 660 1307 Gruber
688 1274 778 1306 sect.
794 1268 868 1305 111¹
881 1274 973 1305 tom.
990 1269 1014 1305 8
1047 1280 1135 1319 pag.
1154 1269 1228 1319 44)
1258 1274 1370 1319 putat
1397 1267 1606 1306 divortium
1627 1268 1729 1306 inter

282 1346 465 1387 Ovidium
497 1352 535 1386 et
557 1345 720 1385 alteram
747 1346 855 1385 illam
884 1359 1046 1385 uxorem
1076 1346 1177 1385 inter
1201 1359 1345 1384 annum
1379 1346 1459 1384 740
1485 1350 1524 1385 et
1548 1346 1628 1384 750
1647 1357 1730 1384 esse

281 1424 438 1463 factum.
497 1424 636 1476 Neque
664 1437 833 1472 causam,
873 1439 991 1476 quam
1021 1425 1144 1472 affert,
1193 1424 1487 1477 improbandam
1528 1436 1610 1462 esse
1639 1436 1728 1462 cen-

282 1516 399 1541 seam.
472 1503 601 1551 „Quia
636 1504 739 1541 enim
776 1517 839 1541 ars
875 1504 1061 1542 amatoria
1095 1504 1291 1541 hilaritate
1325 1503 1496 1554 quadam
1532 1503 1650 1541 animi
1677 1502 1728 1540 ab

282 1579 423 1620 ovidio
452 1580 661 1632 composita
686 1585 794 1619 esset.
827 1580 988 1619 molesta
1003 1593 1205 1626 muxorem
1233 1586 1350 1619 antea
1377 1593 1496 1633 quam
1520 1577 1617 1617 illud
1647 1591 1729 1617 car-

280 1671 370 1697 men
409 1658 653 1705 elaborasset,
696 1671 717 1697 e
757 1659 1000 1697 matrimonio
1038 1658 1233 1697 dimissam
1271 1671 1353 1698 esse
1390 1642 1606 1697 verisimile*
1632 1670 1725 1697 esse.

282 1736 397 1786 Quod
439 1738 470 1774 si
506 1750 642 1776 verum
683 1743 740 1776 est
776 1736 972 1785 Ovidium,
1014 1742 1131 1789 quem
1169 1751 1317 1777 amores
1343 1739 1443 1776 inter
1467 1751 1614 1776 annum
1645 1737 1725 1775 744

281 1821 320 1855 et
362 1816 441 1854 752
489 1814 651 1854 edidisse
696 1821 857 1863 constat,
899 1822 1022 1855 artem
1057 1822 1187 1855 autem
1228 1817 1455 1855 amatoriam
1493 1815 1566 1854 sub
1608 1815 1725 1854 finem

282 1893 375 1931 anni
392 1892 496 1941 ²752,
539 1900 624 1932 non
654 1893 819 1933 eundem
845 1907 926 1934 esse
953 1901 1115 1948 apparet
1143 1901 1261 1947 atque
1288 1894 1570 1947 Lygdammn.·
1615 1893 1727 1942 Quae

282 1971 482 2024 Gruppius
510 1971 650 2011 deinde
677 1972 835 2012 exhibet
861 1972 1045 2013 Ovidium
1072 1985 1196 2025 aeque
1224 1974 1344 2011 vitam
1380 1974 1562 2012 rusticam
1590 1973 1726 2011 earmi-

283 2050 397 2090 nibus
421 2062 500 2089 non
525 2051 781 2090 celebravisse
804 2057 922 2103 atque
934 2051 1195 2104 Lygdamum,
1223 2051 1288 2091 sed
1317 2050 1516 2104 tamquam
1533 2051 1726 2090 urbanum

284 2134 440 2181 poetam
483 2128 611 2176 fuisse,
650 2130 795 2168 nullius
835 2131 1019 2168 momenti
1060 2143 1142 2169 esse
1183 2131 1317 2182 liquet.
1376 2130 1533 2169 Vanum
1566 2141 1724 2182 quoque

281 2207 449 2246 studium
479 2213 549 2255 est,
589 2220 680 2259 quo,
721 2221 809 2245 cum
837 2207 1000 2247 Ovidius
1027 2208 1109 2261 ipse
1147 2208 1271 2249 dicat:
1313 2215 1378 2257 „et
1394 2208 1498 2261 quod
1526 2208 1726 2248 tentabam

280 2284 408 2325 dicere
435 2297 569 2324 versus
599 2289 719 2333 erat‚“
746 2286 836 2324 huic
864 2292 1003 2338 poetae
1029 2299 1095 2326 sex
1122 2287 1211 2325 illas
1238 2287 1382 2337 elegias
1404 2287 1548 2339 optime
1575 2300 1723 2326 accom-

282 2363 457 2403 modatas
485 2376 567 2403 esse
592 2370 733 2411 censet,
763 2364 857 2415 quia
881 2376 928 2403 ea
947 2365 988 2402 in
1016 2364 1246 2412 conditione,
1280 2365 1321 2402 in
1349 2378 1428 2416 qua
1459 2365 1575 2404 ceteri
1603 2365 1724 2404 homi-

278 2449 348 2482 nes
386 2442 513 2481 soluta
555 2442 728 2482 oratione
766 2443 827 2481 usi
868 2442 1050 2491 fuissent,
1102 2449 1302 2496 tamquam
1346 2444 1514 2484 numeris
1564 2444 1724 2483 feratur.

281 2520 394 2571 Quae
433 2521 561 2574 opinio
600 2530 725 2573 aeque
761 2521 859 2559 mira
888 2527 945 2560 est
973 2527 1091 2574 atque
1121 2535 1178 2570 ea,
1204 2535 1305 2574 quae
1330 2522 1512 2574 sequitur.
1584 2521 1726 2562 Censet

236 2658 239 2659 ⁷
281 2601 384 2640 enim
415 2599 615 2653 Gruppius
649 2600 737 2639 illas
772 2600 916 2651 elegias
953 2614 1032 2640 non
1068 2615 1114 2641 eo
1138 2602 1295 2640 consilio
1326 2601 1509 2641 Ovidium
1533 2603 1725 2655 conscrip-

279 2679 383 2727 sisse,
429 2692 526 2731 quas
564 2679 605 2717 in
633 2677 805 2718 medium
831 2678 1021 2731 proferret
1050 2685 1088 2718 et
1117 2679 1256 2732 quibus
1284 2679 1440 2719 laudem
1464 2679 1540 2718 sibi
1569 2662 1747 2731 colliges

278 2759 357 2806 ret,
369 2758 491 2806 immo
515 2757 922 2811 postea->ignoraverit
960 2769 1025 2798 eas
1043 2771 1225 2811 -unquam
1261 2764 1416 2799 exstare
1441 2771 1599 2799 necesse
1615 2769 1723 2804 Ζθθεθ.
